<record><leader>00000cas a22000007a 4500</leader><controlfield tag="001">12110732</controlfield><controlfield tag="008">850603d19071969okucr ne      0    0eng  </controlfield><datafield ind1=" " ind2=" " tag="010"><subfield code="a">sn 85042312 </subfield></datafield><datafield ind1=" " ind2=" " tag="040"><subfield code="a">DLC</subfield><subfield code="b">eng</subfield><subfield code="c">DLC</subfield><subfield code="d">PPM</subfield><subfield code="d">OBN</subfield><subfield code="d">OCL</subfield><subfield code="d">OCLCQ</subfield></datafield><datafield ind1=" " ind2=" " tag="042"><subfield code="a">msc</subfield></datafield><datafield ind1="0" ind2="0" tag="050"><subfield code="a">Newspaper 7002</subfield></datafield><datafield ind1="0" ind2=" " tag="130"><subfield code="a">McCurtain gazette (Idabel, Okla. : 1907)</subfield></datafield><datafield ind1="1" ind2="0" tag="245"><subfield code="a">McCurtain gazette.</subfield></datafield><datafield ind1=" " ind2=" " tag="260"><subfield code="a">Idabel, Indian Territory, Choctaw Nation, Okla. :</subfield><subfield code="b">DeWitt &amp; Henderson</subfield></datafield><datafield ind1=" " ind2=" " tag="300"><subfield code="a">v.</subfield></datafield><datafield ind1=" " ind2=" " tag="310"><subfield code="a">Semiweekly, Oct. 12,</subfield><subfield code="b">1910-May 31, 1969</subfield></datafield><datafield ind1=" " ind2=" " tag="321"><subfield code="a">Weekly, July 26,</subfield><subfield code="b">1907-Sept. 30, 1910</subfield></datafield><datafield ind1="0" ind2=" " tag="362"><subfield code="a">-v. 3, no. 63 (May 31, 1969).</subfield></datafield><datafield ind1="1" ind2=" " tag="362"><subfield code="a">Began in Feb. 1907.</subfield></datafield><datafield ind1=" " ind2=" " tag="588"><subfield code="a">Description based on: Vol. 2, no. 39 (July 26, 1907).</subfield></datafield><datafield ind1=" " ind2="4" tag="651"><subfield code="a">Idabel (Okla.)</subfield><subfield code="v">Newspapers.</subfield></datafield><datafield ind1=" " ind2="4" tag="651"><subfield code="a">McCurtain County (Okla.)</subfield><subfield code="v">Newspapers.</subfield></datafield><datafield ind1=" " ind2="4" tag="651"><subfield code="a">Indian Territory (Okla.)</subfield><subfield code="v">Newspapers.</subfield></datafield><datafield ind1=" " ind2="4" tag="651"><subfield code="a">Choctaw Nation (Okla.)</subfield><subfield code="v">Newspapers.</subfield></datafield><datafield ind1=" " ind2=" " tag="752"><subfield code="a">United States</subfield><subfield code="b">Oklahoma</subfield><subfield code="c">McCurtain</subfield><subfield code="d">Idabel.</subfield></datafield><datafield ind1="0" ind2="0" tag="780"><subfield code="t">Idabel signal</subfield><subfield code="w">(DLC)sn 94058797</subfield><subfield code="w">(OCoLC)30326030</subfield></datafield><datafield ind1="0" ind2="0" tag="785"><subfield code="t">McCurtain weekly gazette</subfield><subfield code="w">(DLC)sn 94058798</subfield><subfield code="w">(OCoLC)30330009</subfield></datafield><datafield ind1="1" ind2=" " tag="029"><subfield code="a">AU@</subfield><subfield code="b">000020379959</subfield></datafield></record>